@article{KE05,
	author	= {Simon Schütte},
	title	= {Engineering Emotional Values in Product 
				Design-Kansei Engineering in Development},
	year	= {2005},
	pages	= {55--64},
	journal	= {Linköpings Universitet},
	url		= {https://www.diva-portal.org/smash/get/diva2:20839/		FULLTEXT01.pdf}
}
@misc{osgood,
	author	= {Osgood, C.E., G.J. Suci, and P.H. Tannenbaum},
	title	= {The measurement of meaning},
	pages	= {346}
	year	= {1957},
	journal = {Illinois: University of Illinois Press.}
}
@article{welchfrick,
	author 	= {R. Edwin Welch, Theodore W Frick},
	title	= {Computerized Adaptive Testing in Instructional Settings},
	year	= {1993},
	pages	= {47--62},
	journal	= {Educational Technology Research and Development}
}
@article{moore11,
	author	= {Philip Moore, Hai V. Pham},
	title	= {Personalization and Rule Strategies in Data Intensive Intelligent Context-Aware Systems},
	year	= {2011},
	pages	= {1--24},
	journal	= {The Knowledge Engineering Review, Vol. 00:0,c 2011, Cambridge University Press}
}	
@article{haipv12,
	author	= {Philip Moore, Hai V. Pham},
	title	= {Intelligent Context with Decision Support under Uncertainty },
	year	= {2012},
	journal	= {2012 Sixth International Conference on Complex, Intelligent, and Software Intensive Systems}
}

@misc{tf-idf,
  title = {stevenloria: Finding Important Words in Text Using TF-IDF},
  howpublished = {\url{http://stevenloria.com/finding-important-words-in-a-document-using-tf-idf/}},
    note = {last visited: April 2017}
}
@misc{kornferry,
  title = {kornferry: A guide to Aspects Ability},
  howpublished = {\url{https://www.trytalentq.com/how-to-complete/aspects-ability/}},
  note = {last visited: March 2017}
}		
@inproceedings{ishihira98,
	author	  = {Ishihara, S., Ishihara, K. and Nagamachi, M.},
	title	  = {Hierarchical Kansei analysis of beer can using 			neural network.},
	booktitle = {Proceedings of Human Factors in Organizational 			Design and Management - VI},
	journal	  = {Elsevier, Amsterdam},
	pages	  = {421--425},
	year	  = {1998}
}
